@misc{TTG,
      title={Measurement of the inclusive ttgamma cross section at sqrt(s) = 7 TeV with the ATLAS detector}, 
      author={Johannes Erdmann},
      year={2012},
      eprint={1206.5696},
      archivePrefix={arXiv},
      primaryClass={hep-ex}
}

@article{ATLAS,
   title={Measurements of inclusive and differential fiducial cross-sections of $t\overline{t}\gamma$ production in leptonic final states at $\sqrt{s}=13~\text {TeV}$ in ATLAS},
   volume={79},
   ISSN={1434-6052},
   url={http://dx.doi.org/10.1140/epjc/s10052-019-6849-6},
   DOI={10.1140/epjc/s10052-019-6849-6},
   number={5},
   journal={The European Physical Journal C},
   publisher={Springer Science and Business Media LLC},
   author={Aaboud, M. and Aad, G. and Abbott, B. and Abbott, D. C. and Abdinov, O. and Abeloos, B. and Abhayasinghe, D. K. and Abidi, S. H. and AbouZeid, O. S. and et al.},
   year={2019},
   month={05}
}

@misc{TMVA,
      title={TMVA - Toolkit for Multivariate Data Analysis}, 
      author={Hoecker, Andreas and Speckmayer, Peter and Stelzer, Jörg and Therhaag , Jan and von Toerne, Eckhard and Voss , Helge and Backes, Moritz and Carli, Tancredi and Cohen, Or and Christov, Asen and Henrot-Versillé	, Sophie	and Jachowski, Matthew and Kraszewski, Kamil and Mahalalel,	 Yair and Ospanov, Rustem and Prudent,	 Xavier and Schouten, Doug and Tegenfeldt, Fredrik and Robert, Arnaud and Voigt, Alexander and Voss, Kai and Wolter, Marcin and Zemla, Andrzej},
      year={2009},
      eprint={physics/0703039v5},
      archivePrefix={arXiv},
      primaryClass={physics.data-an}
}

@article{MLP08,
author = {Nazzal, Jamal and El-Emary, Ibrahim and Najim, Salam},
year = {2008},
month = {01},
pages = {},
title = {Multilayer Perceptron Neural Network (MLPs) For Analyzing the Properties of Jordan Oil Shale},
volume = {5},
journal = {World Applied Sciences Journal}
}

@article{MLP09,
author = {Marius, Popescu and Balas, Valentina and Perescu-Popescu, Liliana and Mastorakis, Nikos},
year = {2009},
month = {07},
pages = {},
title = {Multilayer perceptron and neural networks},
volume = {8},
journal = {WSEAS Transactions on Circuits and Systems}
}

@article{BDT,
author = {Coadou, Yann},
year = {2013},
month = {07},
pages = {02004-},
title = {Boosted Decision Trees and Applications},
volume = {55},
journal = {EPJ Web of Conferences},
doi = {10.1051/epjconf/20135502004}
}